@Article{Holland,
author = {J. H. Holland},
title = {Adaptation in natural and artificial systems},
journal = {Test},
year = {1975},
OPTkey = {•},%
OPTvolume = {•},
OPTnumber = {•},
OPTpages = {•},
OPTmonth = {•},
OPTnote = {•},
OPTannote = {•}
}
